
\bibliography{elmerbib}
\bibliographystyle{plain}



@INPROCEEDINGS{riemslagh00,
  AUTHOR = "Kris Riemslagh and Jan Vierendeels and Erik Dick",
  TITLE = "An Efficient Coupling Procedure for Flexible Wall
Fluid-Sructure Interaction",
  BOOKTITLE = "Eccomas Congress on Comp. Meth. in 
Appl. Sci. and Eng",
  YEAR = "2000",
  MONTH = "September"}

@PHDTHESIS{veijola99,
  AUTHOR = "T. Veijola",
  TITLE = "Equivalanet Circuit Models for Micromechanical Inertial Sensors",
  SCHOOL = "Helsinki University of Technology",
  SERIES = "Circuit Theory Laboratory Report Series",
  VOLUME = "CT-39",
  MONTH = "January",
  YEAR = "1999"}

@MANUAL{aplac,
  AUTHOR = "T. Veijola",
  TITLE = "APLAC 7.60 Reference Manual",
  NOTE = "Electromechanical Macro Models",
  MONTH = "January",
  YEAR = "2002"}

@ARTICLE{franca92,
  AUTHOR = "L.P. Franca and S.L. Frey and T.J.R. Hughes",
  JOURNAL = "Computer methods in Applied Mechanics and Engineering",
  YEAR = "1992",
  VOLUME = "95",
  PAGES = "253--276"}

@ARTICLE{franca92b,
  AUTHOR = "L.P. Franca and S.L. Frey",
  JOURNAL = "Computer methods in Applied Mechanics and Engineering",
  YEAR = "1992",
  VOLUME = "99",
  PAGES = "209--233"}

@INPROCEEDINGS{jarvinen01,
  AUTHOR = "E. J{\"a}rvinen and M. Lyly and J. Ruokolainen and P. R{\aa}back",
  TITLE = "Three dimensional fluid-structure interaction modeling of
blood flow in elastic arteries",
  BOOKTITLE = "Eccomas Computational Fluid Dynamics Conference",
  YEAR = "2001",
  MONTH = "September"}

@INPROCEEDINGS{raback01,
  AUTHOR = "P. R{\aa}back and J. Ruokolainen and M. Lyly and E. J{\"a}rvinen",
  TITLE = "Fluid-Structure Interaction Boundary Conditions by
Artificial Compressibility",
  BOOKTITLE = "Eccomas Computational Fluid Dynamics Conference",
  YEAR = "2001",
  MONTH = "September"}

@ARTICLE{formaggia00,
  AUTHOR = "L. Formaggia and J. F. Gerbeau and F. Nobile and A. Quarteroni",
  TITLE = "Numerical treatment of defective boundary conditions 
for the Navier-Stokes equations",
  JOURNAL = "EPFL-DMA Analyse et Analyse Numerique",
  YEAR = "2000",
  VOLUME = "20"}

@ARTICLE{chorin97,
  AUTHOR = "A. J. Chorin",
  TITLE = "A Numerical method for solving incompressible viscous
	flow problems",
  JOURNAL = "J. Comput. Phys.",
  YEAR = "1997",
  VOLUME = "135",
  PAGES = "118-125"}

@ARTICLE{rogers87,
  AUTHOR = "S. E. Rogers and D. Kwak and U. Kaul",
  TITLE = "On the accuracy of the pseudocompressibility method in
solving the incompressible Navier-Stokes equations",
  JOURNAL = "Appl. Math. Modelling",
  YEAR = "1987",
  VOLUME = "11",
  PAGES = "35-44"}

@ARTICLE{carter91,
  AUTHOR = "F. D. Carter and A. J. Baker",
  TITLE = "Accuracy and stability of a finite element pseudo-compressibility
CFD algorithm for incompressible thermal flows",
  JOURNAL = "Num. Heat Transfer, Part B",
  YEAR = "1991",
  VOLUME = "20",
  PAGES = "1--23"}

@INPROCEEDINGS{long1,
  AUTHOR = "D. S. Long and M. A. Shannon and N. R. Aluru", 
  TITLE = "A novel approach for determining pull-in voltages in 
micro-electro-mechanical systems ({MEMS})",
  PAGES = "481--484",
  BOOKTITLE = "Technical Proceedings of the Third International Conference on Modeling and
Simulation of Microsystems, MSM 2000"}

@INPROCEEDINGS{cheng1,
  AUTHOR = "J. Cheng and J. Zhe and X. Wu and K. R. Farmer and V. Modi and L. Frechette",
  TITLE = "Analytical and {FEM} simulation pull-in study on defomable electrostatic
micro actuators",
  BOOKTITLE = "Technical Proceedings of the Fifth International Conference on Modeling and
Simulation of Microsystems, MSM 2002",
  PAGES = "298--301"}

@ARTICLE{elmer1,
  JOURNAL = "http://www.csc.fi/elmer",
  TITLE = "ELMER software homepage"}

@BOOK{vanderlinde93,
  AUTHOR = "J. Vanderlinde",
  TITLE = "Classical electromagnetic theory",
  PUBLISHER = "John Wiley \& Sons",
  YEAR = "1993"}

@ARTICLE{nemirovsky1,
  AUTHOR = "Y. Nemirovsky and O. Bochabza-Degani",
  TITLE = "A Methodology and Model for the Pull-In Parameters of Electrostatic Actuators",
  JOURNAL = "Journal of Microelectromechanical Systems",
  YEAR = "2001",
  VOLUME = "10",
  NUMBER = "4",
  PAGES = "601--615"}

@ARTICLE{pedersen1, 
  AUTHOR = "M. Pedersen and W. Olthuis and P. Bergveld",
  TITLE = "On the mechanical behaviour of thin perforated plates and 
           their application in silicon condenser microphones",
  JOURNAL ="Sensors and Actuators",
  VOLUME = "A 54",
  PAGES = "6"}

%=== Lin Plate ===

@ARTICLE{lyly,
  AUTHOR = "M. Lyly",
  TITLE = "On the connection between some linear triangular
           Reissner-Mindlin plate bending elements",
  JOURNAL = "Numerische Mathematik",
  YEAR = "2000",
  VOLUME = "85",
  PAGES = "77-107"}

@ARTICLE{bfs,
  AUTHOR = "F. Brezzi, M. Fortin and R. Stenberg",
  TITLE = "Error analysis of mixed-interpolated elements
           for Reissner-Mindlin plates",
  JOURNAL = "Mathematical Models and Methods in Applied
             Sciences",
  YEAR = "1991",
  VOLUME = "1",
  PAGES = "125--151"}

@ARTICLE{at95,
   AUTHOR = "F. Auricchio and R.L. Taylor",
   TITLE = "A triangular thick plate finite element with an exact thin limit",
   JOURNAL = "Finite Element in Analysis and Design",
   YEAR = "1995",
   VOLUME = "19",
   PAGES = "57--68"}

@ARTICLE{xu,
   AUTHOR = "Z. Xu",
   TITLE = "A thick-thin triangular plate element",
   JOURNAL = "Int. J. Num. Meths. Eng.",
   YEAR = "1992",
   VOLUME = "33",
   PAGES = "963--973"}

@INPROCEEDINGS{ls94,
  AUTHOR = "M. Lyly and R. Stenberg",
  TITLE = "Stabilized MITC plate bending elements",
  BOOKTITLE = "Advances in Finite Element Techniques
               (M. Papadrakakis and B.H.V. Topping, eds.)
               Civil Comp Press.",
  YEAR = "1994",
  PAGES = "11--16"}

@ARTICLE{th85,
   AUTHOR = "A. Tessler and T.J.R. Hughes",
   TITLE = "A three-node Mindlin plate element with improved
            transverse shear",
   JOURNAL = "Comp. Meths. Appl. Mech. Engrg.",
   YEAR = "1985",
   VOLUME = "50",
   PAGES = "71--101"}

@ARTICLE{macneal,
   AUTHOR = "R.H. MacNeal",
   TITLE = "Derivation of element stiffness matrices by assumed
            strain distribution",
   JOURNAL = "Nucl. Engrg. Design",
   YEAR = "1982",
   VOLUME = "70",
   PAGES = "3--12"}

% === operatorsplitting

@ARTICLE{DG97,
   AUTHOR = "E.J. Dean and R. Glowinski",
   TITLE = "A wave equation approach to the numerical solution of the
            Navier-Stokes equations for incompressible viscous flow",
   JOURNAL = "C.\ R.\ Acad.\ Sci.\ Paris, Serie I",
   YEAR = "1997",
   VOLUME = "325",
   PAGES = "783--791"}

@ARTICLE{Wu97,
   AUTHOR = "J. Wu",
   TITLE = "A wave equation model to solve the multidimensional transport
            equation",
   JOURNAL = "Int.\ J.\ Numer.\ Meth.\ Fluids",
   YEAR = "1997",
   VOLUME = "24",
   PAGES = "423--439"}

% === microfluidics

@INBOOK{karniadakis2002,
  AUTHOR = "G. E. Karniadakis and A. Beskok",
  TITLE = "Micro flows: fundamentals and simulation",
  CHAPTER = "8. Electrokinetically Driven Liquid Micro Flow",
  PUBLISHER = "Springer-Verlag New York, Inc.",
  YEAR = "2002"}

@INBOOK{andelman1995,
  AUTHOR = "D. Andelman",
  TITLE = "Handbook of Biological Physics",
  CHAPTER = "12. Electrostatic Properties of Membranes:
   The Poisson-Boltzmann Theory",
  PUBLISHER = "Elsevier Science",
  YEAR = "1995"}


% === block preconditioning


@ARTICLE{Do04,
   AUTHOR = "C. Dohrmann and P. Bochev",
   TITLE = "A stabilized finite element method for the Stokes problem based
on polynomial pressure projections.",
   JOURNAL = "Int.\ J.\ Num.\ Meth.\  Fluids",
   YEAR = "2004",
   VOLUME = "46",
   PAGES = "183--201"}

@ARTICLE{Si94,
   AUTHOR = "D. Silvester and A. Wathen",
   TITLE = "Fast iterative solution of stabilised
Stokes systems. II. Using general block preconditioners.",
   JOURNAL = "SIAM J.\ Numer.\ Analysis",
   YEAR = "1994",
   VOLUME = "31",
   PAGES = "1352--1367"}

@ARTICLE{Ca88,
   AUTHOR = "J. Cahouet and J. P. Chabard",
   TITLE = "Some fast 3D finite element solvers for the 
generalized Stokes problem",
   JOURNAL = "Int.\ J.\ Numer.\ Methods in Fluids",
   YEAR = "1988",
   VOLUME = "8",
   PAGES = "869--895"}

@INBOOK{ESW05,
  AUTHOR = "H. Elman, D. Silvester and A. Wathen",
  TITLE = "Finite Elements and Fast Iterative Solvers: with 
Applications in Incompressible Fluid Dynamics.",
  PUBLISHER = "Oxford University Press",
  YEAR = "2005"}


%% Microfluidics

%\cite{YaFuLi:2001}
@article{YaFuLi:2001,
   author    = {Yang, R.-J. and Fu, L.-M. and Lin, Y.-C.},
   title     = {{Electroosmotic Flow in Microchannels}},
   journal   = {J. Colloid and Interface Science},
   pages     = {98-105},
   year      = {2001},
   month     = {November},
   volume    = {239},
}
%\cite{ChaYa:2004}
@article{ChaYa:2004,
   author    = {Chang, C.-C. and Yang, R.-J.},
   title     = {{Computational analysis of electrokinetically driven flow
mixing in microchannels with patterned blocks}},
   journal   = {J. Micromech. Microeng.},
   pages     = {550-558},
   year      = {2004},
   volume    = {14},
}
%\cite{SikEtal:2005}
@article{SikEtal:2005,
   author    = {Sikanen, T. and Tuomikoski, S. and Ketola, R. A. and
Kostiainen, R. and Franssila, S. and Kotiaho, T.},
   title     = {{Characterization of SU-8 for electrokinetic microfluidic
applications}},
   journal   = {Lab Chip},
   pages     = {888-896},
   year      = {2005},
   volume    = {5},
}


%\cite{KnoMcC1994}
@article{KnoMcC1994,
   author    = {Knox, J.H. and McCormack, K.A.},
   title     = {{Temperature Effects in Capillary Electrophoresis}},
   journal   = {Chromatographia},
   pages     = {207-214},
   year      = {1994},
   month     = {February},
   volume    = {38},
   number = {3/4}
}
%\cite{KarBes:2001}
@book{KarBes:2001,
   author    = {Karniadakis, G.E. and Beskok, A.},
   title     = {{Micro flows : fundamentals and simulation}},
   year      = {2001},
   publisher = {Springer-Verlag},
   address   = {New York, Berlin, Heidelberg}
}

% linear rstriction

@book{c:girault, 
   author    = {Girault, V. and Raviart, P.A.}, 
   title     = {Finite element methods for Navier-Stokes equations},
   year      = {1986},
   publisher = {Springer-Verlag},
   address   = {New York, Berlin, Heidelberg}
}


% ==== Solution of linear systems

@BOOK{Barrett93,
  AUTHOR = "Richard Barrett et al.",
  TITLE = "Templates for the Solution of Linear 
        Systems: Building Blocks for Iterative Methods",
  PUBLISHER = "SIAM",
  YEAR = "1993"}

@BOOK{Briggs87,
  AUTHOR = "W.L. Briggs",
  TITLE = "A Multigrid Tutorial",
  PUBLISHER = "SIAM",
  YEAR = "1987"}

@ARTICLE{Freund93,
   AUTHOR = "R.W. Freund",
   TITLE = "A Transpose-Free Quasi-Minimal Residual Algorithm for Non-Hermitian Linear Systems",
   JOURNAL = "SIAM J. Sci. Comput.",
   YEAR = "1993",
   VOLUME = "14",
   PAGES = "470--482"}

@BOOK{stuben99,
  AUTHOR = "K. St{\"u}ben",
  TITLE = "Algebraic Multigrid ({AMG}): {A}n introduction with applications",
  PUBLISHER = "GMD -- Forschungszentrum Informationstechnik GmbH",
  YEAR = "1999"}


@article{hughes2,
  AUTHOR = "Hughes, T. J. R. and  Lubliner, J.",
  TITLE = "On the One-dimensional Theory of Blood Flow in the Large Vessels", 
  journal = "Mathematical Biosciences", 
  volume = {19}, 
  pages = "161--170", 
  year = "1973"}

@book{godlewski_raviart,
  AUTHOR = "Godlewski, E. and Raviart, P.-A.",
  TITLE = "Numerical Approximation of Hyperbolic Systems of Concervation Laws",
  publisher = "Springer",
  year = "1996"}

@article{formaggia1,
  author = "Formaggia, L. and Gerbeau, J.F. and Nobile, F. and Quarteroni, A.",
  title = "Numerical treatment of defective boundary conditions for the Navier-Stokes equations", 
  journal = "SIAM J. Numer. Anal", 
  volume = "40", 
  pages = "376--401", 
  year = "2002"},

@article{malinen05,
  author = "M. Malinen",
  title = "A block preconditioner for the dissipative acoustic equations", 
  note = "to appear"},


@INPROCEEDINGS{malinen04,
  author = {M. Malinen and M. Lyly and P. R{\aa}back and A. K\"arkk\"ainen and L. K\"arkk\"ainen},
  title = "A finite element method for the modeling of thermo-viscous effects in acoustics",
  boobtitle = "Proceedings of the 4th European Congress on Computational Methods in
               Applied Sciences and Engineering",
  editor = {P. Neittaanm\"aki et. al.},
  year = "2004"}


@BOOK{SzaboBabu,
  author = "B. Szabo and I. Babuska",
  title = "Finite Element Analysis",
  publisher = "John Wiley \& Sons Ltd.",
  year = "1991"}

@BOOK{Solin,
  author = "P. \v{S}olin et al.",
  title = "Higher-Order Finite Element Methods",
  publisher = "Chapman \& Hall / CRC",
  year = "2004"}

@ARTICLE{Devloo,
  author = "P.R.B. Devloo",
  title = "On the definition of high% order shape functions for finite elements",
  note = "Available online: \texttt{http://www.fec.unicamp.br/~phil/downloads/shape.zip}"}

@ARTICLE{Maple,
  title = "Maplesoft home page",
  note = "\texttt{http://www.maplesoft.com/}"}

@ARTICLE{umfpack1,
  title = "Umfpack home page",
  note = "\texttt{http://www.cise.ufl.edu/research/sparse/umfpack/}"}
