@Misc{ElmerHome,
title = {Elmer web pages: http://www.csc.fi/elmer/}
}

@Misc{TetgenHome,
 title = {Tetgen web pages: http://tetgen.berlios.de/}
}

@Misc{NetgenHome,
 title = {Netgen web pages: http://www.hpfem.jku.at/netgen/}
}

@Misc{QtHome,
 title = {Qt web pages: http://trolltech.com/products/qt/}
}

@Misc{QwtHome,
 title = {Qwt web pages: http://qwt.sourceforge.net/}
}

