@Misc{ElmerHome,
title = {Elmer web pages: http://www.csc.fi/elmer/}
}

@Misc{TetgenHome,
 title = {Tetgen web pages: http://tetgen.berlios.de/}
}

@Misc{NetgenHome,
 title = {Netgen web pages: http://www.hpfem.jku.at/netgen/}
}

@Misc{QtHome,
 title = {Qt web pages: http://trolltech.com/products/qt/}
}

@Misc{QwtHome,
 title = {Qwt web pages: http://qwt.sourceforge.net/}
}

@Misc{VTKHome,
 title = {VTK web pages: http://www.vtk.org/}
}

@Misc{OCCHome,
 title = {OCC web pages: http://www.opencascade.org/}
}

@Misc{ElmerfemHome,
 title = {Elmerfem in Sourceforge: http://sourceforge.net/projects/elmerfem}
}

@Misc{VCEE2008Home,
 title = {Visual Studio 2008 Express Edition: http://www.microsoft.com/express/}
}

@Misc{MinGWHome,
 title = {MinGW home: http://www.mingw.org/}
}
